{"eth_usd":[{"type":"bid","price":1887.81349998,"amount":0.0002749,"tid":202789930,"timestamp":1680545680},{"type":"ask","price":1869.20000001,"amount":0.00052583,"tid":202789929,"timestamp":1680545329},{"type":"bid","price":1897.9,"amount":0.00084939,"tid":202789928,"timestamp":1680545218},{"type":"bid","price":1897.99999989,"amount":0.00051444,"tid":202789927,"timestamp":1680545076},{"type":"bid","price":1898,"amount":0.00015334,"tid":202789926,"timestamp":1680545053},{"type":"bid","price":1898,"amount":0.00045799,"tid":202789925,"timestamp":1680545040},{"type":"bid","price":1898,"amount":0.00036836,"tid":202789924,"timestamp":1680545029},{"type":"bid","price":1898,"amount":0.00009193,"tid":202789923,"timestamp":1680545019},{"type":"bid","price":1881.412615,"amount":0.00014523,"tid":202789922,"timestamp":1680545019},{"type":"bid","price":1881.412615,"amount":0.00014343,"tid":202789921,"timestamp":1680545019},{"type":"bid","price":1881.412615,"amount":0.00014208,"tid":202789920,"timestamp":1680545019},{"type":"bid","price":1881.412615,"amount":0.00030041,"tid":202789919,"timestamp":1680545018},{"type":"bid","price":1881.412615,"amount":0.0001936,"tid":202789918,"timestamp":1680545018},{"type":"bid","price":1881.412615,"amount":0.00023036,"tid":202789917,"timestamp":1680545018},{"type":"bid","price":1881.412615,"amount":0.00012278,"tid":202789916,"timestamp":1680545018},{"type":"bid","price":1881.412615,"amount":0.00014767,"tid":202789915,"timestamp":1680545017},{"type":"bid","price":1881.412615,"amount":0.00018376,"tid":202789914,"timestamp":1680545017},{"type":"bid","price":1881.412615,"amount":0.00025238,"tid":202789913,"timestamp":1680545017},{"type":"bid","price":1881.412615,"amount":0.00023244,"tid":202789912,"timestamp":1680545017},{"type":"bid","price":1881.41261499,"amount":0.00331222,"tid":202789911,"timestamp":1680545014},{"type":"bid","price":1881.41261499,"amount":0.00530454,"tid":202789910,"timestamp":1680545011},{"type":"bid","price":1881.41261499,"amount":0.00045507,"tid":202789909,"timestamp":1680545011},{"type":"bid","price":1881.412615,"amount":0.00013592,"tid":202789908,"timestamp":1680544990},{"type":"bid","price":1881.412615,"amount":0.00024552,"tid":202789907,"timestamp":1680544990},{"type":"bid","price":1881.412615,"amount":0.00014222,"tid":202789906,"timestamp":1680544990},{"type":"bid","price":1881.412615,"amount":0.00017857,"tid":202789905,"timestamp":1680544990},{"type":"bid","price":1881.412615,"amount":0.00021342,"tid":202789904,"timestamp":1680544990},{"type":"bid","price":1881.412615,"amount":0.0001818,"tid":202789903,"timestamp":1680544990},{"type":"bid","price":1881.412615,"amount":0.00015001,"tid":202789902,"timestamp":1680544990},{"type":"bid","price":1881.412615,"amount":0.0001238,"tid":202789901,"timestamp":1680544990},{"type":"bid","price":1881.412615,"amount":0.0001745,"tid":202789900,"timestamp":1680544990},{"type":"bid","price":1881.412615,"amount":0.00010634,"tid":202789899,"timestamp":1680544990},{"type":"bid","price":1881.412615,"amount":0.00026685,"tid":202789898,"timestamp":1680544980},{"type":"bid","price":1881.412615,"amount":0.00030917,"tid":202789897,"timestamp":1680544980},{"type":"bid","price":1881.412615,"amount":0.00017914,"tid":202789896,"timestamp":1680544980},{"type":"bid","price":1881.412615,"amount":0.00022284,"tid":202789895,"timestamp":1680544980},{"type":"bid","price":1881.41261499,"amount":0.00063599,"tid":202789894,"timestamp":1680544958},{"type":"ask","price":1867.04000001,"amount":0.00014568,"tid":202789893,"timestamp":1680544859},{"type":"ask","price":1867.04000001,"amount":0.00014523,"tid":202789892,"timestamp":1680544859},{"type":"ask","price":1867.04000001,"amount":0.00014343,"tid":202789891,"timestamp":1680544859},{"type":"ask","price":1867.04000001,"amount":0.00014208,"tid":202789890,"timestamp":1680544859},{"type":"ask","price":1867.04000001,"amount":0.00030041,"tid":202789889,"timestamp":1680544859},{"type":"ask","price":1867.04000001,"amount":0.0001936,"tid":202789888,"timestamp":1680544859},{"type":"ask","price":1867.04000001,"amount":0.00023036,"tid":202789887,"timestamp":1680544859},{"type":"ask","price":1867.04000001,"amount":0.00012278,"tid":202789886,"timestamp":1680544859},{"type":"ask","price":1867.04000001,"amount":0.00014767,"tid":202789885,"timestamp":1680544859},{"type":"ask","price":1867.04000001,"amount":0.00018376,"tid":202789884,"timestamp":1680544859},{"type":"ask","price":1867.04000001,"amount":0.00025238,"tid":202789883,"timestamp":1680544859},{"type":"ask","price":1867.04000001,"amount":0.00023244,"tid":202789882,"timestamp":1680544859},{"type":"ask","price":1867.04000001,"amount":0.00013592,"tid":202789881,"timestamp":1680544858},{"type":"ask","price":1867.04000001,"amount":0.00024552,"tid":202789880,"timestamp":1680544858},{"type":"ask","price":1867.04000001,"amount":0.00014222,"tid":202789879,"timestamp":1680544858},{"type":"ask","price":1867.04000001,"amount":0.00017857,"tid":202789878,"timestamp":1680544858},{"type":"ask","price":1867.04000001,"amount":0.00021342,"tid":202789877,"timestamp":1680544858},{"type":"ask","price":1867.04000001,"amount":0.0001818,"tid":202789876,"timestamp":1680544858},{"type":"ask","price":1867.04000001,"amount":0.00015001,"tid":202789875,"timestamp":1680544858},{"type":"ask","price":1867.04000001,"amount":0.0001238,"tid":202789874,"timestamp":1680544858},{"type":"ask","price":1867.04000001,"amount":0.0001745,"tid":202789873,"timestamp":1680544858},{"type":"ask","price":1867.04000001,"amount":0.00010634,"tid":202789872,"timestamp":1680544858},{"type":"ask","price":1867.04000001,"amount":0.00026685,"tid":202789871,"timestamp":1680544858},{"type":"ask","price":1867.04000001,"amount":0.00030917,"tid":202789870,"timestamp":1680544858},{"type":"ask","price":1867.04000001,"amount":0.00017914,"tid":202789869,"timestamp":1680544858},{"type":"ask","price":1867.04000001,"amount":0.00022284,"tid":202789868,"timestamp":1680544857},{"type":"ask","price":1867.1242723,"amount":0.00229947,"tid":202789867,"timestamp":1680544857},{"type":"ask","price":1867.200001,"amount":0.00173716,"tid":202789866,"timestamp":1680544857},{"type":"ask","price":1867.4,"amount":0.00215192,"tid":202789865,"timestamp":1680544857},{"type":"ask","price":1867.40000001,"amount":0.00403453,"tid":202789864,"timestamp":1680544857},{"type":"bid","price":1898.39999999,"amount":0.000901,"tid":202789863,"timestamp":1680544817},{"type":"bid","price":1898.49999989,"amount":0.00010498,"tid":202789862,"timestamp":1680544806},{"type":"bid","price":1898.5,"amount":0.00034394,"tid":202789861,"timestamp":1680544769},{"type":"bid","price":1898.59999989,"amount":0.0030832,"tid":202789860,"timestamp":1680544750},{"type":"ask","price":1867.2,"amount":0.00628041,"tid":202789859,"timestamp":1680544740},{"type":"ask","price":1867.20000001,"amount":0.00433859,"tid":202789858,"timestamp":1680544740},{"type":"bid","price":1898.6,"amount":0.00058225,"tid":202789857,"timestamp":1680544727},{"type":"bid","price":1898.69999978,"amount":0.00043102,"tid":202789856,"timestamp":1680544720},{"type":"bid","price":1898.69999978,"amount":0.00385309,"tid":202789855,"timestamp":1680544717},{"type":"ask","price":1867.2,"amount":0.007961,"tid":202789854,"timestamp":1680544687},{"type":"ask","price":1867.1,"amount":0.00847985,"tid":202789853,"timestamp":1680544598},{"type":"ask","price":1867.19999785,"amount":0.00049215,"tid":202789852,"timestamp":1680544597},{"type":"ask","price":1867.19999785,"amount":0.00013767,"tid":202789851,"timestamp":1680544529},{"type":"ask","price":1867.19999786,"amount":0.00045125,"tid":202789850,"timestamp":1680544529},{"type":"ask","price":1889.4537675,"amount":0.00010044,"tid":202789849,"timestamp":1680544529},{"type":"bid","price":1899.09999997,"amount":0.00010656,"tid":202789848,"timestamp":1680544333},{"type":"bid","price":1899.2,"amount":0.00010655,"tid":202789847,"timestamp":1680544293},{"type":"bid","price":1899.2,"amount":0.00010655,"tid":202789846,"timestamp":1680544282},{"type":"bid","price":1899.69999999,"amount":0.00033783,"tid":202789845,"timestamp":1680543766},{"type":"bid","price":1870.7,"amount":0.00180749,"tid":202789844,"timestamp":1680543544},{"type":"ask","price":1870.6001,"amount":0.00471997,"tid":202789843,"timestamp":1680543520},{"type":"ask","price":1870.6001,"amount":0.00268271,"tid":202789842,"timestamp":1680543520},{"type":"ask","price":1870.7,"amount":0.009,"tid":202789841,"timestamp":1680543513},{"type":"bid","price":1870.6001,"amount":0.00067943,"tid":202789840,"timestamp":1680543493},{"type":"bid","price":1870.6001,"amount":0.0065,"tid":202789839,"timestamp":1680543487},{"type":"bid","price":1870.6001,"amount":0.00151808,"tid":202789838,"timestamp":1680543486},{"type":"bid","price":1870.6,"amount":0.00288434,"tid":202789837,"timestamp":1680543486},{"type":"ask","price":1870.6,"amount":0.00606549,"tid":202789836,"timestamp":1680543484},{"type":"ask","price":1880.78563713,"amount":0.00085492,"tid":202789835,"timestamp":1680543479},{"type":"ask","price":1881,"amount":0.0065,"tid":202789834,"timestamp":1680543479},{"type":"ask","price":1880.9,"amount":0.00521944,"tid":202789833,"timestamp":1680543450},{"type":"ask","price":1881.51000003,"amount":0.00011256,"tid":202789832,"timestamp":1680543450},{"type":"ask","price":1881.51000003,"amount":0.00050511,"tid":202789831,"timestamp":1680543430},{"type":"ask","price":1881.51000003,"amount":0.00039691,"tid":202789830,"timestamp":1680543430},{"type":"ask","price":1881.51000003,"amount":0.00097027,"tid":202789829,"timestamp":1680543430},{"type":"ask","price":1881.51000003,"amount":0.000788,"tid":202789828,"timestamp":1680543430},{"type":"ask","price":1881.51000003,"amount":0.00120799,"tid":202789827,"timestamp":1680543430},{"type":"ask","price":1881.51000003,"amount":0.00088511,"tid":202789826,"timestamp":1680543430},{"type":"ask","price":1881.51000003,"amount":0.00011673,"tid":202789825,"timestamp":1680543430},{"type":"ask","price":1881.51000003,"amount":0.00010835,"tid":202789824,"timestamp":1680543430},{"type":"ask","price":1881.51000003,"amount":0.00028324,"tid":202789823,"timestamp":1680543430},{"type":"ask","price":1881.51000003,"amount":0.00028283,"tid":202789822,"timestamp":1680543430},{"type":"ask","price":1882,"amount":0.00059011,"tid":202789821,"timestamp":1680543430},{"type":"ask","price":1882,"amount":0.00037259,"tid":202789820,"timestamp":1680543430},{"type":"ask","price":1882,"amount":0.00049015,"tid":202789819,"timestamp":1680543429},{"type":"ask","price":1882,"amount":0.00123143,"tid":202789818,"timestamp":1680543429},{"type":"ask","price":1882,"amount":0.0005706,"tid":202789817,"timestamp":1680543429},{"type":"ask","price":1882,"amount":0.00019208,"tid":202789816,"timestamp":1680543429},{"type":"ask","price":1882,"amount":0.00171336,"tid":202789815,"timestamp":1680543429},{"type":"ask","price":1882,"amount":0.00021267,"tid":202789814,"timestamp":1680543429},{"type":"ask","price":1882,"amount":0.00026047,"tid":202789813,"timestamp":1680543429},{"type":"ask","price":1882.0000001,"amount":0.19181075,"tid":202789812,"timestamp":1680543415},{"type":"ask","price":1882.1,"amount":0.009,"tid":202789811,"timestamp":1680543415},{"type":"ask","price":1885.97751842,"amount":0.00010325,"tid":202789810,"timestamp":1680543415},{"type":"ask","price":1894.73628496,"amount":0.0001006,"tid":202789809,"timestamp":1680543068},{"type":"bid","price":1897.4,"amount":0.00014314,"tid":202789808,"timestamp":1680541256},{"type":"ask","price":1882.1,"amount":0.00019516,"tid":202789807,"timestamp":1680539652},{"type":"ask","price":1882.1,"amount":0.00021304,"tid":202789806,"timestamp":1680538876},{"type":"ask","price":1882.1,"amount":0.009,"tid":202789805,"timestamp":1680538441},{"type":"ask","price":1884.7,"amount":0.009,"tid":202789804,"timestamp":1680538348},{"type":"ask","price":1884.70000001,"amount":0.00959615,"tid":202789803,"timestamp":1680538348},{"type":"ask","price":1896.92764163,"amount":0.00010044,"tid":202789802,"timestamp":1680534059},{"type":"ask","price":1901.50451343,"amount":0.0419939,"tid":202789801,"timestamp":1680532763},{"type":"ask","price":1901.50451343,"amount":0.00020044,"tid":202789800,"timestamp":1680532460},{"type":"ask","price":1901.50451343,"amount":0.05568139,"tid":202789799,"timestamp":1680532349},{"type":"ask","price":1901.50451343,"amount":0.05569737,"tid":202789798,"timestamp":1680531709},{"type":"ask","price":1901.50451343,"amount":0.0191059,"tid":202789797,"timestamp":1680531635},{"type":"ask","price":1901.50451343,"amount":0.03721132,"tid":202789796,"timestamp":1680531269},{"type":"ask","price":1901.50451343,"amount":0.04335184,"tid":202789795,"timestamp":1680531144},{"type":"ask","price":1901.50451343,"amount":0.05574,"tid":202789794,"timestamp":1680531114},{"type":"ask","price":1901.50451343,"amount":0.05574564,"tid":202789793,"timestamp":1680530323},{"type":"ask","price":1901.50451343,"amount":0.00021299,"tid":202789792,"timestamp":1680529479},{"type":"ask","price":1901.50451343,"amount":0.00011255,"tid":202789791,"timestamp":1680529380},{"type":"ask","price":1901.50451343,"amount":0.03661934,"tid":202789790,"timestamp":1680529049},{"type":"ask","price":1901.50451343,"amount":0.05577002,"tid":202789789,"timestamp":1680528969},{"type":"ask","price":1901.50451343,"amount":0.0558135,"tid":202789788,"timestamp":1680528921},{"type":"ask","price":1901.50451343,"amount":0.00116543,"tid":202789787,"timestamp":1680528423},{"type":"ask","price":1901.50451343,"amount":0.00031206,"tid":202789786,"timestamp":1680528384},{"type":"ask","price":1901.50451343,"amount":0.00068983,"tid":202789785,"timestamp":1680528384},{"type":"ask","price":1901.50451343,"amount":0.00039641,"tid":202789784,"timestamp":1680528384},{"type":"ask","price":1901.50451343,"amount":0.00011284,"tid":202789783,"timestamp":1680528384},{"type":"ask","price":1901.50451343,"amount":0.00059143,"tid":202789782,"timestamp":1680528384},{"type":"ask","price":1901.50451343,"amount":0.00075323,"tid":202789781,"timestamp":1680528384}]}