{"btc_usd":[{"type":"ask","price":29100.4001,"amount":0.000954,"tid":205389774,"timestamp":1680546404},{"type":"ask","price":29100.2,"amount":0.000404,"tid":205389773,"timestamp":1680545983},{"type":"ask","price":29100.1,"amount":0.00012445,"tid":205389772,"timestamp":1680545446},{"type":"ask","price":29100.1,"amount":0.00075,"tid":205389771,"timestamp":1680545355},{"type":"ask","price":29132.70189431,"amount":0.00003981,"tid":205389770,"timestamp":1680543452},{"type":"ask","price":29180.1,"amount":0.00013938,"tid":205389769,"timestamp":1680543452},{"type":"ask","price":29180.1,"amount":0.00010798,"tid":205389768,"timestamp":1680543451},{"type":"ask","price":29180.1,"amount":0.00050264,"tid":205389767,"timestamp":1680543430},{"type":"ask","price":29199,"amount":0.00249933,"tid":205389766,"timestamp":1680543422},{"type":"ask","price":29199,"amount":0.00070171,"tid":205389765,"timestamp":1680543419},{"type":"ask","price":29199,"amount":0.00069003,"tid":205389764,"timestamp":1680543418},{"type":"ask","price":29300,"amount":0.002845,"tid":205389763,"timestamp":1680543299},{"type":"bid","price":29300,"amount":0.00075,"tid":205389762,"timestamp":1680543295},{"type":"ask","price":29300,"amount":0.003595,"tid":205389761,"timestamp":1680543288},{"type":"bid","price":29100,"amount":0.0000056,"tid":205389760,"timestamp":1680538335},{"type":"bid","price":29100,"amount":0.00279268,"tid":205389759,"timestamp":1680538335},{"type":"ask","price":29100,"amount":0.00549,"tid":205389758,"timestamp":1680538335},{"type":"ask","price":29100.5,"amount":0.0003,"tid":205389757,"timestamp":1680538335},{"type":"ask","price":29120,"amount":0.00018,"tid":205389756,"timestamp":1680538335},{"type":"ask","price":29187.73678963,"amount":0.00020944,"tid":205389755,"timestamp":1680538335},{"type":"ask","price":29187.73700963,"amount":0.00733682,"tid":205389754,"timestamp":1680538334},{"type":"ask","price":29187.73701963,"amount":0.01106982,"tid":205389753,"timestamp":1680538334},{"type":"ask","price":29275.3,"amount":0.00075,"tid":205389752,"timestamp":1680538334},{"type":"ask","price":29275.20204,"amount":0.00087516,"tid":205389751,"timestamp":1680538009},{"type":"ask","price":29275.3,"amount":0.00031531,"tid":205389750,"timestamp":1680537550},{"type":"ask","price":29289.75338003,"amount":0.00102424,"tid":205389749,"timestamp":1680535733},{"type":"ask","price":29289.75338003,"amount":0.00230685,"tid":205389748,"timestamp":1680535732},{"type":"ask","price":29289.75337003,"amount":0.00102273,"tid":205389747,"timestamp":1680535728},{"type":"ask","price":29289.8,"amount":0.00000151,"tid":205389746,"timestamp":1680535728},{"type":"ask","price":29289.8,"amount":0.00074849,"tid":205389745,"timestamp":1680535716},{"type":"bid","price":29644.09999,"amount":0.00043658,"tid":205389744,"timestamp":1680534891},{"type":"bid","price":29642.76,"amount":0.0005,"tid":205389743,"timestamp":1680534891},{"type":"bid","price":29642.7,"amount":0.00075,"tid":205389742,"timestamp":1680534891},{"type":"ask","price":29303.60006,"amount":0.00007869,"tid":205389741,"timestamp":1680531655},{"type":"ask","price":29595.71078806,"amount":0.0000937,"tid":205389740,"timestamp":1680531655},{"type":"ask","price":29595.71078806,"amount":0.00125505,"tid":205389739,"timestamp":1680531633},{"type":"ask","price":29595.71078806,"amount":0.00156475,"tid":205389738,"timestamp":1680531632},{"type":"bid","price":29588.2,"amount":0.00419121,"tid":205389737,"timestamp":1680529791},{"type":"bid","price":29588.2,"amount":0.00075,"tid":205389736,"timestamp":1680529791},{"type":"bid","price":29585,"amount":0.00471379,"tid":205389735,"timestamp":1680529791},{"type":"ask","price":29300.80004001,"amount":0.00853454,"tid":205389734,"timestamp":1680529037},{"type":"ask","price":29263.20004,"amount":0.0083924,"tid":205389733,"timestamp":1680528203},{"type":"bid","price":29698.09998998,"amount":0.00168024,"tid":205389732,"timestamp":1680525187},{"type":"bid","price":29699.9,"amount":0.00011,"tid":205389731,"timestamp":1680522178},{"type":"bid","price":29621.6,"amount":0.00024,"tid":205389730,"timestamp":1680520940},{"type":"ask","price":29284.90017003,"amount":0.00347725,"tid":205389729,"timestamp":1680518455},{"type":"ask","price":29292.87,"amount":0.0005,"tid":205389728,"timestamp":1680518441},{"type":"bid","price":29541.90795081,"amount":0.00213675,"tid":205389727,"timestamp":1680517866},{"type":"bid","price":29532.77417247,"amount":0.00149846,"tid":205389726,"timestamp":1680517849},{"type":"bid","price":29532.77416247,"amount":0.01242205,"tid":205389725,"timestamp":1680517849},{"type":"ask","price":29262.5,"amount":0.00031172,"tid":205389724,"timestamp":1680517461},{"type":"bid","price":29326.47409876,"amount":0.00038231,"tid":205389723,"timestamp":1680516142},{"type":"ask","price":29234.4,"amount":0.00027087,"tid":205389722,"timestamp":1680510328},{"type":"bid","price":29532.77404247,"amount":0.00064085,"tid":205389721,"timestamp":1680510017},{"type":"bid","price":29532.77406247,"amount":0.01190702,"tid":205389720,"timestamp":1680509965},{"type":"bid","price":29532.77405247,"amount":0.015487,"tid":205389719,"timestamp":1680509965},{"type":"bid","price":29532.77404247,"amount":0.01529587,"tid":205389718,"timestamp":1680509965},{"type":"bid","price":29500,"amount":0.00016949,"tid":205389717,"timestamp":1680509885},{"type":"bid","price":29437.51149933,"amount":0.00019629,"tid":205389716,"timestamp":1680509885},{"type":"bid","price":29437.41143422,"amount":0.00008553,"tid":205389715,"timestamp":1680509087},{"type":"bid","price":29422.8000993,"amount":0.00019656,"tid":205389714,"timestamp":1680509087},{"type":"bid","price":29350,"amount":0.00017035,"tid":205389713,"timestamp":1680509087},{"type":"bid","price":29349.9,"amount":0.00013628,"tid":205389712,"timestamp":1680508699},{"type":"ask","price":29100.6,"amount":0.00075,"tid":205389711,"timestamp":1680505990},{"type":"ask","price":29100.6,"amount":0.00075,"tid":205389710,"timestamp":1680504471},{"type":"ask","price":29148,"amount":0.00011,"tid":205389709,"timestamp":1680495232},{"type":"ask","price":29148,"amount":0.000454,"tid":205389708,"timestamp":1680494324},{"type":"ask","price":29230.4,"amount":0.02084167,"tid":205389707,"timestamp":1680486238},{"type":"ask","price":29235.4,"amount":0.00052615,"tid":205389706,"timestamp":1680486238},{"type":"ask","price":29235.4,"amount":0.0005,"tid":205389705,"timestamp":1680486223},{"type":"ask","price":29235.50011,"amount":0.0005,"tid":205389704,"timestamp":1680486219},{"type":"bid","price":29537.79932882,"amount":0.00351389,"tid":205389703,"timestamp":1680485765},{"type":"ask","price":29537.7,"amount":0.00030093,"tid":205389702,"timestamp":1680485206},{"type":"ask","price":29537.7,"amount":0.00017917,"tid":205389701,"timestamp":1680484644},{"type":"ask","price":29537.7,"amount":0.00075,"tid":205389700,"timestamp":1680484593},{"type":"ask","price":29537.7,"amount":0.00075,"tid":205389699,"timestamp":1680484545},{"type":"ask","price":29537.7,"amount":0.00075,"tid":205389698,"timestamp":1680484502},{"type":"bid","price":29537.7,"amount":0.00075,"tid":205389697,"timestamp":1680484496},{"type":"bid","price":29537.7,"amount":0.00071619,"tid":205389696,"timestamp":1680483587},{"type":"ask","price":29235.8,"amount":0.00049907,"tid":205389695,"timestamp":1680480138},{"type":"ask","price":29235.80000001,"amount":0.00022742,"tid":205389694,"timestamp":1680480138},{"type":"bid","price":29378.89389915,"amount":0.00214481,"tid":205389693,"timestamp":1680479417},{"type":"ask","price":29235.40010003,"amount":0.00010123,"tid":205389692,"timestamp":1680479026},{"type":"bid","price":29371.36974984,"amount":0.00004677,"tid":205389691,"timestamp":1680478778},{"type":"ask","price":29300.5,"amount":0.00143,"tid":205389690,"timestamp":1680471185},{"type":"bid","price":29371.36974984,"amount":0.00050356,"tid":205389689,"timestamp":1680471069},{"type":"bid","price":29371.36974984,"amount":0.0004961,"tid":205389688,"timestamp":1680468905},{"type":"bid","price":29371.36974984,"amount":0.00017023,"tid":205389687,"timestamp":1680468479},{"type":"bid","price":29371.36974984,"amount":0.00012675,"tid":205389686,"timestamp":1680467652},{"type":"bid","price":29371.36974984,"amount":0.00010214,"tid":205389685,"timestamp":1680465138},{"type":"ask","price":29368.3098097,"amount":0.00013856,"tid":205389684,"timestamp":1680464942},{"type":"ask","price":29382,"amount":0.006,"tid":205389682,"timestamp":1680464748},{"type":"ask","price":29383.00005,"amount":0.00054003,"tid":205389681,"timestamp":1680464744},{"type":"ask","price":29383.00017691,"amount":0.00013843,"tid":205389680,"timestamp":1680464744},{"type":"ask","price":29383.0027,"amount":0.00892132,"tid":205389679,"timestamp":1680464694},{"type":"ask","price":29383.00271,"amount":0.0153994,"tid":205389678,"timestamp":1680464694},{"type":"ask","price":29383.00271,"amount":0.01565701,"tid":205389677,"timestamp":1680464694},{"type":"ask","price":29383.1,"amount":0.00075,"tid":205389676,"timestamp":1680464694},{"type":"ask","price":29444.8,"amount":0.00075,"tid":205389675,"timestamp":1680463090},{"type":"ask","price":29566.66181435,"amount":0.00434347,"tid":205389674,"timestamp":1680463026},{"type":"ask","price":29566.66181435,"amount":0.00010404,"tid":205389673,"timestamp":1680461408},{"type":"bid","price":29566.66181435,"amount":0.00078441,"tid":205389672,"timestamp":1680460292},{"type":"bid","price":29523.67101303,"amount":0.00021635,"tid":205389671,"timestamp":1680459871},{"type":"ask","price":29435.00001,"amount":0.00711056,"tid":205389670,"timestamp":1680459619},{"type":"ask","price":29435.00001,"amount":0.00758767,"tid":205389669,"timestamp":1680459619},{"type":"ask","price":29649.8,"amount":0.00075,"tid":205389668,"timestamp":1680457245},{"type":"ask","price":29649.8,"amount":0.00075,"tid":205389667,"timestamp":1680457155},{"type":"bid","price":29649.8,"amount":0.00075,"tid":205389666,"timestamp":1680457097},{"type":"bid","price":29657.52,"amount":0.00022851,"tid":205389665,"timestamp":1680455347},{"type":"bid","price":29500,"amount":0.00027947,"tid":205389664,"timestamp":1680453705},{"type":"bid","price":29499.99999999,"amount":0.00027947,"tid":205389663,"timestamp":1680453698},{"type":"bid","price":29499.99999999,"amount":0.00029413,"tid":205389662,"timestamp":1680453600},{"type":"ask","price":29421.40049,"amount":0.00012018,"tid":205389661,"timestamp":1680450953},{"type":"ask","price":29430,"amount":0.0001426,"tid":205389660,"timestamp":1680450935},{"type":"bid","price":29600.7,"amount":0.00019012,"tid":205389659,"timestamp":1680449748},{"type":"ask","price":29430.1,"amount":0.00059736,"tid":205389658,"timestamp":1680446928},{"type":"bid","price":29438.70093,"amount":0.00012687,"tid":205389657,"timestamp":1680441872},{"type":"bid","price":29438.70093,"amount":0.00062313,"tid":205389656,"timestamp":1680441872},{"type":"ask","price":29438.8,"amount":0.00038409,"tid":205389655,"timestamp":1680441801},{"type":"bid","price":29438.8,"amount":0.00036591,"tid":205389654,"timestamp":1680441732},{"type":"ask","price":29438.70108,"amount":0.00728974,"tid":205389653,"timestamp":1680441358},{"type":"ask","price":29438.70109,"amount":0.0142103,"tid":205389652,"timestamp":1680441358},{"type":"ask","price":29438.8,"amount":0.00075,"tid":205389651,"timestamp":1680441358},{"type":"ask","price":29437.2,"amount":0.00023537,"tid":205389650,"timestamp":1680438809},{"type":"ask","price":29435.70053,"amount":0.00021245,"tid":205389649,"timestamp":1680437329},{"type":"ask","price":29435.70052,"amount":0.00098146,"tid":205389648,"timestamp":1680437324},{"type":"ask","price":29435.70051,"amount":0.00106948,"tid":205389647,"timestamp":1680437317},{"type":"ask","price":29435.8,"amount":0.00075,"tid":205389646,"timestamp":1680437317},{"type":"ask","price":29763.79999999,"amount":0.00001801,"tid":205389645,"timestamp":1680431695},{"type":"ask","price":29763.79999999,"amount":0.00043233,"tid":205389644,"timestamp":1680431693},{"type":"bid","price":29763.79999999,"amount":0.00022586,"tid":205389643,"timestamp":1680431690},{"type":"bid","price":29763.9,"amount":0.00013439,"tid":205389642,"timestamp":1680427782},{"type":"ask","price":29430.9,"amount":0.00010806,"tid":205389641,"timestamp":1680424493},{"type":"ask","price":29732.46,"amount":0.00049017,"tid":205389640,"timestamp":1680421239},{"type":"ask","price":29732.46,"amount":0.00024251,"tid":205389639,"timestamp":1680421239},{"type":"ask","price":29732.46,"amount":0.0005,"tid":205389638,"timestamp":1680421232},{"type":"bid","price":29732.46,"amount":0.0005,"tid":205389637,"timestamp":1680421231},{"type":"bid","price":29732.45999,"amount":0.00244059,"tid":205389636,"timestamp":1680421209},{"type":"bid","price":29732.4,"amount":0.00075,"tid":205389635,"timestamp":1680421209},{"type":"ask","price":29430.60014003,"amount":0.00156654,"tid":205389634,"timestamp":1680420619},{"type":"ask","price":29430.60013003,"amount":0.00025004,"tid":205389633,"timestamp":1680420613},{"type":"ask","price":29430.60013003,"amount":0.00156654,"tid":205389632,"timestamp":1680420611},{"type":"ask","price":29430.60014003,"amount":0.00081625,"tid":205389631,"timestamp":1680420603},{"type":"ask","price":29430.7,"amount":0.00075,"tid":205389630,"timestamp":1680420603},{"type":"ask","price":29430.3,"amount":0.00010061,"tid":205389629,"timestamp":1680418521},{"type":"bid","price":29738.9,"amount":0.00023,"tid":205389628,"timestamp":1680415631},{"type":"bid","price":29713.79,"amount":0.00025,"tid":205389627,"timestamp":1680414994},{"type":"bid","price":29734.3,"amount":0.00011,"tid":205389626,"timestamp":1680414893},{"type":"ask","price":29453.6,"amount":0.00003112,"tid":205389625,"timestamp":1680407640},{"type":"ask","price":29679.34521601,"amount":0.00007011,"tid":205389624,"timestamp":1680407640}]}