{"usdt_usd":[{"type":"bid","price":1.05401889,"amount":0.13174373,"tid":201475234,"timestamp":1680542773},{"type":"bid","price":1.05401889,"amount":1.71530705,"tid":201475233,"timestamp":1680542290},{"type":"bid","price":1.05402,"amount":1.08946567,"tid":201475232,"timestamp":1680536477},{"type":"bid","price":1.05402,"amount":5.1778278,"tid":201475231,"timestamp":1680536477},{"type":"bid","price":1.05402,"amount":1.28668009,"tid":201475230,"timestamp":1680536476},{"type":"bid","price":1.05402,"amount":3.86017605,"tid":201475229,"timestamp":1680536476},{"type":"bid","price":1.05402,"amount":1.14593793,"tid":201475228,"timestamp":1680536476},{"type":"bid","price":1.05402,"amount":1.45839386,"tid":201475227,"timestamp":1680536476},{"type":"bid","price":1.05402,"amount":7.07494192,"tid":201475226,"timestamp":1680536476},{"type":"bid","price":1.05402,"amount":3.37502339,"tid":201475225,"timestamp":1680536476},{"type":"bid","price":1.05402,"amount":4.49334006,"tid":201475224,"timestamp":1680536475},{"type":"bid","price":1.05402,"amount":25.69008931,"tid":201475223,"timestamp":1680536475},{"type":"bid","price":1.05402,"amount":2.75529321,"tid":201475222,"timestamp":1680536473},{"type":"bid","price":1.05402,"amount":3.53750096,"tid":201475221,"timestamp":1680536473},{"type":"bid","price":1.05402,"amount":0.10033179,"tid":201475220,"timestamp":1680536464},{"type":"bid","price":1.05402,"amount":1.90388513,"tid":201475219,"timestamp":1680536450},{"type":"bid","price":1.05402,"amount":6.37624522,"tid":201475218,"timestamp":1680536450},{"type":"bid","price":1.05402,"amount":1.13813664,"tid":201475217,"timestamp":1680536450},{"type":"bid","price":1.05402,"amount":2.73823684,"tid":201475216,"timestamp":1680536450},{"type":"bid","price":1.05402,"amount":0.96750271,"tid":201475215,"timestamp":1680536450},{"type":"bid","price":1.05402,"amount":4.76472645,"tid":201475214,"timestamp":1680536450},{"type":"bid","price":1.05402,"amount":1.41167,"tid":201475213,"timestamp":1680536450},{"type":"bid","price":1.05402,"amount":2.55296812,"tid":201475212,"timestamp":1680536450},{"type":"bid","price":1.05402,"amount":4.01040478,"tid":201475211,"timestamp":1680536450},{"type":"bid","price":1.05402,"amount":1.00632876,"tid":201475210,"timestamp":1680536450},{"type":"bid","price":1.05402,"amount":2.6692017,"tid":201475209,"timestamp":1680536450},{"type":"bid","price":1.05402,"amount":3.69443687,"tid":201475208,"timestamp":1680536450},{"type":"bid","price":1.05402,"amount":3.63900881,"tid":201475207,"timestamp":1680536450},{"type":"bid","price":1.05402,"amount":3.64645711,"tid":201475206,"timestamp":1680536450},{"type":"bid","price":1.05402,"amount":1.5725794,"tid":201475205,"timestamp":1680536450},{"type":"bid","price":1.05402,"amount":2.11406307,"tid":201475204,"timestamp":1680536450},{"type":"bid","price":1.05402,"amount":2.38027618,"tid":201475203,"timestamp":1680536449},{"type":"bid","price":1.05402,"amount":0.35091106,"tid":201475202,"timestamp":1680536449},{"type":"bid","price":1.05402,"amount":0.54050722,"tid":201475201,"timestamp":1680536449},{"type":"bid","price":1.054,"amount":0.89310527,"tid":201475200,"timestamp":1680536449},{"type":"bid","price":1.054,"amount":6.30623866,"tid":201475199,"timestamp":1680536447},{"type":"bid","price":1.054,"amount":1.05802182,"tid":201475198,"timestamp":1680536442},{"type":"bid","price":1.054,"amount":1.74263425,"tid":201475197,"timestamp":1680536442},{"type":"bid","price":1.054,"amount":0.37408557,"tid":201475196,"timestamp":1680536442},{"type":"bid","price":1.054,"amount":2.07898091,"tid":201475195,"timestamp":1680536442},{"type":"bid","price":1.054,"amount":1.06275267,"tid":201475194,"timestamp":1680536442},{"type":"bid","price":1.054,"amount":0.09861293,"tid":201475193,"timestamp":1680536442},{"type":"bid","price":1.054,"amount":0.10182595,"tid":201475192,"timestamp":1680536442},{"type":"bid","price":1.054,"amount":0.10716327,"tid":201475191,"timestamp":1680536442},{"type":"bid","price":1.054,"amount":0.3202813,"tid":201475190,"timestamp":1680536442},{"type":"bid","price":1.054,"amount":0.42408866,"tid":201475189,"timestamp":1680536442},{"type":"bid","price":1.05395,"amount":0.00000001,"tid":201475188,"timestamp":1680536441},{"type":"bid","price":1.05395,"amount":291.82183501,"tid":201475187,"timestamp":1680536439},{"type":"bid","price":1.05394,"amount":76.44103079,"tid":201475186,"timestamp":1680536439},{"type":"bid","price":1.053885,"amount":18.56180981,"tid":201475185,"timestamp":1680536439},{"type":"bid","price":1.053,"amount":2.0725537,"tid":201475184,"timestamp":1680536439},{"type":"bid","price":1.053,"amount":0.36016144,"tid":201475183,"timestamp":1680536293},{"type":"bid","price":1.053,"amount":0.2421895,"tid":201475182,"timestamp":1680535561},{"type":"bid","price":1.053885,"amount":0.15067642,"tid":201475181,"timestamp":1680534945},{"type":"bid","price":1.053885,"amount":0.87402963,"tid":201475180,"timestamp":1680534882},{"type":"bid","price":1.053885,"amount":0.10040287,"tid":201475179,"timestamp":1680534839},{"type":"bid","price":1.053885,"amount":0.43054714,"tid":201475178,"timestamp":1680534646},{"type":"bid","price":1.053885,"amount":0.27106238,"tid":201475177,"timestamp":1680534332},{"type":"bid","price":1.053885,"amount":33.040017,"tid":201475176,"timestamp":1680534043},{"type":"bid","price":1.053885,"amount":0.13042396,"tid":201475175,"timestamp":1680533226},{"type":"bid","price":1.05395,"amount":12.74153204,"tid":201475174,"timestamp":1680532483},{"type":"bid","price":1.05395,"amount":0.12741747,"tid":201475173,"timestamp":1680532483},{"type":"bid","price":1.05395,"amount":0.09995813,"tid":201475172,"timestamp":1680532483},{"type":"bid","price":1.05395,"amount":0.10826854,"tid":201475171,"timestamp":1680532483},{"type":"bid","price":1.05395,"amount":0.1015016,"tid":201475170,"timestamp":1680532483},{"type":"bid","price":1.05395,"amount":0.24671384,"tid":201475169,"timestamp":1680532483},{"type":"bid","price":1.05395,"amount":0.10443666,"tid":201475168,"timestamp":1680532483},{"type":"bid","price":1.05385,"amount":0.09979097,"tid":201475167,"timestamp":1680532459},{"type":"bid","price":1.05385,"amount":0.1230286,"tid":201475166,"timestamp":1680532459},{"type":"bid","price":1.05385,"amount":0.15594451,"tid":201475165,"timestamp":1680532459},{"type":"bid","price":1.05385,"amount":0.11334465,"tid":201475164,"timestamp":1680532459},{"type":"bid","price":1.05385,"amount":0.10449244,"tid":201475163,"timestamp":1680532459},{"type":"bid","price":1.05385,"amount":0.10174743,"tid":201475162,"timestamp":1680532459},{"type":"bid","price":1.05383,"amount":78.8151906,"tid":201475161,"timestamp":1680532458},{"type":"bid","price":1.05383,"amount":0.13260524,"tid":201475160,"timestamp":1680532233},{"type":"bid","price":1.05383,"amount":0.55075958,"tid":201475159,"timestamp":1680532211},{"type":"bid","price":1.05383,"amount":100,"tid":201475158,"timestamp":1680531716},{"type":"bid","price":1.05383,"amount":66.86752494,"tid":201475157,"timestamp":1680531275},{"type":"bid","price":1.05383,"amount":78,"tid":201475156,"timestamp":1680531163},{"type":"bid","price":1.05383,"amount":100,"tid":201475155,"timestamp":1680531117},{"type":"bid","price":1.05383,"amount":79.83325463,"tid":201475154,"timestamp":1680530343},{"type":"bid","price":1.053777,"amount":20.16674536,"tid":201475153,"timestamp":1680530343},{"type":"bid","price":1.05375,"amount":0.00000001,"tid":201475152,"timestamp":1680530343},{"type":"bid","price":1.05058874,"amount":2.09840402,"tid":201475151,"timestamp":1680528421},{"type":"bid","price":1.05375,"amount":0.20298514,"tid":201475150,"timestamp":1680528384},{"type":"bid","price":1.05375,"amount":0.19170548,"tid":201475149,"timestamp":1680528384},{"type":"bid","price":1.05375,"amount":0.18503914,"tid":201475148,"timestamp":1680528384},{"type":"bid","price":1.05375,"amount":0.13309573,"tid":201475147,"timestamp":1680528384},{"type":"bid","price":1.05375,"amount":0.1746875,"tid":201475146,"timestamp":1680528384},{"type":"bid","price":1.05365,"amount":0.5218443,"tid":201475145,"timestamp":1680528384},{"type":"bid","price":1.05365,"amount":0.38896735,"tid":201475144,"timestamp":1680528383},{"type":"bid","price":1.05355642,"amount":0.10445503,"tid":201475143,"timestamp":1680528383},{"type":"bid","price":1.05355,"amount":0.19992091,"tid":201475142,"timestamp":1680528383},{"type":"bid","price":1.05355,"amount":0.7110949,"tid":201475141,"timestamp":1680528383},{"type":"bid","price":1.05345,"amount":0.22043871,"tid":201475140,"timestamp":1680528383},{"type":"bid","price":1.05345,"amount":0.22043871,"tid":201475139,"timestamp":1680528383},{"type":"bid","price":1.05345,"amount":0.11890572,"tid":201475138,"timestamp":1680528383},{"type":"bid","price":1.05345,"amount":0.11023354,"tid":201475137,"timestamp":1680528383},{"type":"bid","price":1.05345,"amount":0.24136256,"tid":201475136,"timestamp":1680528383},{"type":"bid","price":1.05335,"amount":0.70931286,"tid":201475135,"timestamp":1680528383},{"type":"bid","price":1.05335,"amount":0.10120107,"tid":201475134,"timestamp":1680528383},{"type":"bid","price":1.05335,"amount":0.10122126,"tid":201475133,"timestamp":1680528383},{"type":"bid","price":1.05325,"amount":0.1937875,"tid":201475132,"timestamp":1680528383},{"type":"bid","price":1.05325,"amount":0.18917849,"tid":201475131,"timestamp":1680528382},{"type":"bid","price":1.05325,"amount":0.5246228,"tid":201475130,"timestamp":1680528382},{"type":"bid","price":1.05314,"amount":0.23552461,"tid":201475129,"timestamp":1680528382},{"type":"bid","price":1.05314,"amount":0.20803447,"tid":201475128,"timestamp":1680528382},{"type":"bid","price":1.05314,"amount":0.46709723,"tid":201475127,"timestamp":1680528382},{"type":"bid","price":1.05311111,"amount":4.07981801,"tid":201475126,"timestamp":1680528382},{"type":"bid","price":1.05311111,"amount":11.24339009,"tid":201475125,"timestamp":1680528382},{"type":"bid","price":1.05304,"amount":0.10117106,"tid":201475124,"timestamp":1680528382},{"type":"bid","price":1.05304,"amount":0.10085302,"tid":201475123,"timestamp":1680528382},{"type":"bid","price":1.05304,"amount":0.1984586,"tid":201475122,"timestamp":1680528382},{"type":"bid","price":1.05304,"amount":0.13609007,"tid":201475121,"timestamp":1680528382},{"type":"bid","price":1.05304,"amount":0.13609007,"tid":201475120,"timestamp":1680528382},{"type":"bid","price":1.05304,"amount":0.13609007,"tid":201475119,"timestamp":1680528382},{"type":"bid","price":1.05304,"amount":0.10038686,"tid":201475118,"timestamp":1680528382},{"type":"bid","price":1.053,"amount":7.7047852,"tid":201475117,"timestamp":1680528381},{"type":"bid","price":1.053,"amount":2.2952148,"tid":201475116,"timestamp":1680528381},{"type":"bid","price":1.053,"amount":2.10228656,"tid":201475115,"timestamp":1680528381},{"type":"bid","price":1.053,"amount":0.84924038,"tid":201475114,"timestamp":1680528381},{"type":"bid","price":1.053,"amount":0.22546493,"tid":201475113,"timestamp":1680528381},{"type":"bid","price":1.053,"amount":0.37125499,"tid":201475112,"timestamp":1680528381},{"type":"bid","price":1.053,"amount":0.14421369,"tid":201475111,"timestamp":1680528381},{"type":"bid","price":1.053,"amount":0.20380713,"tid":201475110,"timestamp":1680528381},{"type":"bid","price":1.053,"amount":0.19490582,"tid":201475109,"timestamp":1680528381},{"type":"bid","price":1.053,"amount":0.10835399,"tid":201475108,"timestamp":1680528381},{"type":"bid","price":1.05299591,"amount":0.17385247,"tid":201475107,"timestamp":1680528381},{"type":"bid","price":1.05299591,"amount":0.14905947,"tid":201475106,"timestamp":1680528381},{"type":"bid","price":1.05299591,"amount":0.18233936,"tid":201475105,"timestamp":1680528380},{"type":"bid","price":1.05299591,"amount":0.19278025,"tid":201475104,"timestamp":1680528380},{"type":"bid","price":1.05299591,"amount":0.13169881,"tid":201475103,"timestamp":1680528380},{"type":"bid","price":1.05299591,"amount":0.10046456,"tid":201475102,"timestamp":1680528380},{"type":"bid","price":1.05294,"amount":0.16096445,"tid":201475101,"timestamp":1680528380},{"type":"bid","price":1.05294,"amount":0.25931448,"tid":201475100,"timestamp":1680528380},{"type":"bid","price":1.05294,"amount":0.35783042,"tid":201475099,"timestamp":1680528380},{"type":"bid","price":1.05294,"amount":0.13083517,"tid":201475098,"timestamp":1680528380},{"type":"bid","price":1.05284,"amount":0.26759619,"tid":201475097,"timestamp":1680528380},{"type":"bid","price":1.05284,"amount":0.44465347,"tid":201475096,"timestamp":1680528380},{"type":"bid","price":1.05284,"amount":0.12043146,"tid":201475095,"timestamp":1680528380},{"type":"bid","price":1.0528,"amount":15.21389362,"tid":201475094,"timestamp":1680528380},{"type":"bid","price":1.0528,"amount":3.84192691,"tid":201475093,"timestamp":1680528191},{"type":"bid","price":1.0528,"amount":3.36826287,"tid":201475092,"timestamp":1680528184},{"type":"bid","price":1.0528,"amount":25.89009871,"tid":201475091,"timestamp":1680528051},{"type":"bid","price":1.0527777,"amount":0.71164681,"tid":201475090,"timestamp":1680528051},{"type":"bid","price":1.0527777,"amount":0.33054767,"tid":201475089,"timestamp":1680528051},{"type":"bid","price":1.0527777,"amount":2.74023978,"tid":201475088,"timestamp":1680528051},{"type":"bid","price":1.0527777,"amount":0.66233129,"tid":201475087,"timestamp":1680528050},{"type":"bid","price":1.0527777,"amount":2.58291819,"tid":201475086,"timestamp":1680528050},{"type":"bid","price":1.0527777,"amount":3.67096788,"tid":201475085,"timestamp":1680528050}]}